

@inproceedings{BardenetEtAl:2014,
	Author = {Bardenet, R{\'e}mi and Doucet, Arnaud and Holmes, Chris},
	Booktitle = {Proceedings of The 31st International Conference on Machine Learning},
	Pages = {405--413},
	Title = {An Adaptive Subsampling Approach for {MCMC} Inference in Large Datasets},
	Year = {2014}}

@article{BetancourtEtAl:2014b,
	Author = {Michael Betancourt and Simon Byrne and Mark Girolami},
	Journal = {ArXiv e-prints},
	Month = {11},
	Title = {Optimizing The Integrator Step Size for Hamiltonian Monte Carlo},
	Volume = {1410.5110},
	Year = {2014}}

@article{BetancourtEtAl:2014,
	Author = {Michael Betancourt and Simon Byrne and Samuel Livingstone and Mark Girolami},
	Journal = {ArXiv e-prints},
	Month = {10},
	Title = {The Geometric Foundations of {H}amiltonian {M}onte {C}arlo},
	Volume = {1410.5110},
	Year = {2014}}

@article{ChenEtAl:2014,
	Author = {Chen, Tianqi and Fox, Emily B and Guestrin, Carlos},
	Journal = {ArXiv e-prints},
	Title = {Stochastic Gradient {H}amiltonian {M}onte {C}arlo},
	Volume = {1402.4102},
	Year = {2014}}

@article{DuaneEtAl:1987,
	Author = {Simon Duane and A.D. Kennedy and Brian J. Pendleton and Duncan Roweth},
	Journal = {Physics Letters B},
	Number = {2},
	Pages = {216 - 222},
	Title = {{H}ybrid {M}onte {C}arlo},
	Volume = {195},
	Year = {1987}}

@article{GirolamiEtAl:2011,
	Author = {Girolami, Mark and Calderhead, Ben},
	Journal = {Journal of the Royal Statistical Society: Series B (Statistical Methodology)},
	Number = {2},
	Pages = {123--214},
	Title = {{R}iemann {M}anifold {L}angevin and {H}amiltonian {M}onte {C}arlo Methods},
	Volume = {73},
	Year = {2011}}

@book{HairerEtAl:2006,
	Address = {New York},
	Author = {Hairer, E. and Lubich, C. and Wanner, G.},
	Publisher = {Springer},
	Title = {Geometric Numerical Integration: {S}tructure-Preserving Algorithms for Ordinary Differential Equations},
	Year = {2006}}

@book{LeimkuhlerEtAl:2004,
	Address = {New York},
	Author = {Leimkuhler, B. and Reich, S.},
	Publisher = {Cambridge University Press},
	Title = {Simulating {H}amiltonian Dynamics},
	Year = {2004}}

@incollection{Neal:2011,
	Address = {New York},
	Author = {Neal, R.M.},
	Booktitle = {Handbook of Markov Chain Monte Carlo},
	Editor = {Brooks, Steve and Gelman, Andrew and Jones, Galin L. and Meng, Xiao-Li},
	Publisher = {CRC Press},
	Title = {{MCMC} Using {H}amiltonian Dynamics},
	Year = {2011}}

@article{NeiswangerEtAl:2013,
	Author = {Neiswanger, Willie and Wang, Chong and Xing, Eric},
	Journal = {arXiv e-prints},
	Title = {Asymptotically Exact, Embarrassingly Parallel {MCMC}},
	Volume = {1311.4780},
	Year = {2013}}

@article{TehEtAl:2014,
	Author = {Yee Whye Teh and Alexandre Thi{\'e}ry and Sebastian Vollmer},
	Journal = {ArXiv e-prints},
	Month = {09},
	Title = {Consistency and Fluctuations for Stochastic Gradient {L}angevin Dynamics},
	Volume = {1409.0578},
	Year = {2014}}

@article{VollmerEtAl:2015,
	Author = {Sebastian J. Vollmer and Konstantinos C. Zygalakis and and Yee Whye Teh},
	Journal = {ArXiv e-prints},
	Month = {01},
	Title = {(Non-)asymptotic Properties of Stochastic Gradient {L}angevin Dynamics},
	Volume = {1501.00438},
	Year = {2015}}

@inproceedings{WellingEtAl:2011,
	Author = {Welling, Max and Teh, Yee W},
	Booktitle = {Proceedings of the 28th International Conference on Machine Learning (ICML-11)},
	Pages = {681--688},
	Title = {Bayesian Learning via Stochastic Gradient {L}angevin Dynamics},
	Year = {2011}}
